@inproceedings{ieee1998ieee,
  title={IEEE recommended practice for software requirements specifications},
  author={IEEE Computer Society. Software Engineering Standards Committee and IEEE-SA Standards Board},
  year={1998},
  organization={Institute of Electrical and Electronics Engineers}
}